\section*{Bibliography}
\addcontentsline{toc}{section}{\protect\numberline{}Bibliography}
@article{greenwade93,
    author  = "George D. Greenwade",
    title   = "The {C}omprehensive {T}ex {A}rchive {N}etwork ({CTAN})",
    year    = "1993",
    journal = "TUGBoat",
    volume  = "14",
    number  = "3",
    pages   = "342--351"
}

@article{lecun1998gradient,
  title={Gradient-based learning applied to document recognition},
  author={LeCun, Yann and Bottou, L{\'e}on and Bengio, Yoshua and Haffner, Patrick},
  journal={Proceedings of the IEEE},
  volume={86},
  number={11},
  pages={2278--2324},
  year={1998},
  publisher={Ieee}
}

@book{Goodfellow-et-al-2016,
    title={Deep Learning},
    author={Ian Goodfellow and Yoshua Bengio and Aaron Courville},
    publisher={MIT Press},
    note={\url{http://www.deeplearningbook.org}},
    year={2016}
}

@inproceedings{dbscan,
  title={A density-based algorithm for discovering clusters in large spatial databases with noise},
  author={Ester, Martin and Kriegel, Hans-Peter and Sander, J{\"o}rg and Xu, Xiaowei and others},
  booktitle={kdd},
  volume={96},
  number={34},
  pages={226--231},
  year={1996}
}

@inproceedings{hdbscan,
  title={A hybrid approach to hierarchical density-based cluster selection},
  author={Malzer, Claudia and Baum, Marcus},
  booktitle={2020 IEEE international conference on multisensor fusion and integration for intelligent systems (MFI)},
  pages={223--228},
  year={2020},
  organization={IEEE}
}

@article{scikit-learn,
  title={Scikit-learn: Machine Learning in {P}ython},
  author={Pedregosa, F. and Varoquaux, G. and Gramfort, A. and Michel, V.
          and Thirion, B. and Grisel, O. and Blondel, M. and Prettenhofer, P.
          and Weiss, R. and Dubourg, V. and Vanderplas, J. and Passos, A. and
          Cournapeau, D. and Brucher, M. and Perrot, M. and Duchesnay, E.},
  journal={Journal of Machine Learning Research},
  volume={12},
  pages={2825--2830},
  year={2011}
}

@inproceedings{koch2015siamese,
  title={Siamese neural networks for one-shot image recognition},
  author={Koch, Gregory and Zemel, Richard and Salakhutdinov, Ruslan and others},
  booktitle={ICML deep learning workshop},
  volume={2},
  number={1},
  year={2015},
  organization={Lille}
}

@article{bromley1993signature,
  title={Signature verification using a" siamese" time delay neural network},
  author={Bromley, Jane and Guyon, Isabelle and LeCun, Yann and S{\"a}ckinger, Eduard and Shah, Roopak},
  journal={Advances in neural information processing systems},
  volume={6},
  year={1993}
}

@inproceedings{balntas2016learning,
  title={Learning local feature descriptors with triplets and shallow convolutional neural networks.},
  author={Balntas, Vassileios and Riba, Edgar and Ponsa, Daniel and Mikolajczyk, Krystian},
  booktitle={Bmvc},
  volume={1},
  number={2},
  pages={3},
  year={2016}
}


@Inbook{kmeans,
author="Jin, Xin
and Han, Jiawei",
editor="Sammut, Claude
and Webb, Geoffrey I.",
title="K-Means Clustering",
bookTitle="Encyclopedia of Machine Learning",
year="2010",
publisher="Springer US",
address="Boston, MA",
pages="563--564",
isbn="978-0-387-30164-8",
doi="10.1007/978-0-387-30164-8_425",
url="https://doi.org/10.1007/978-0-387-30164-8_425"
}

@Inbook{kmedoids,
author="Jin, Xin
and Han, Jiawei",
editor="Sammut, Claude
and Webb, Geoffrey I.",
title="K-Medoids Clustering",
bookTitle="Encyclopedia of Machine Learning",
year="2010",
publisher="Springer US",
address="Boston, MA",
pages="564--565",
isbn="978-0-387-30164-8",
doi="10.1007/978-0-387-30164-8_426",
url="https://doi.org/10.1007/978-0-387-30164-8_426"
}

@article{kmean-kmedoid,
  title={An innovative hybrid strategy for structural health monitoring by modal flexibility and clustering methods},
  author={Entezami, Alireza and Sarmadi, Hassan and Saeedi Razavi, Behzad},
  journal={Journal of Civil Structural Health Monitoring},
  volume={10},
  number={5},
  pages={845--859},
  year={2020},
  publisher={Springer}
}

@article{undercompleteautoencoder,
  title={An autoencoder based model for detecting fraudulent credit card transaction},
  author={Misra, Sumit and Thakur, Soumyadeep and Ghosh, Manosij and Saha, Sanjoy Kumar},
  journal={Procedia Computer Science},
  volume={167},
  pages={254--262},
  year={2020},
  publisher={Elsevier}
}

@article{ng2011sparse,
  title={Sparse autoencoder},
  author={Ng, Andrew and others},
  journal={CS294A Lecture notes},
  volume={72},
  number={2011},
  pages={1--19},
  year={2011}
}

@inproceedings{vincent2008extracting,
  title={Extracting and composing robust features with denoising autoencoders},
  author={Vincent, Pascal and Larochelle, Hugo and Bengio, Yoshua and Manzagol, Pierre-Antoine},
  booktitle={Proceedings of the 25th international conference on Machine learning},
  pages={1096--1103},
  year={2008}
}

@inproceedings{rifai2011contractive,
  title={Contractive auto-encoders: Explicit invariance during feature extraction},
  author={Rifai, Salah and Vincent, Pascal and Muller, Xavier and Glorot, Xavier and Bengio, Yoshua},
  booktitle={Proceedings of the 28th international conference on international conference on machine learning},
  pages={833--840},
  year={2011}
}

@article{kingma2019introduction,
  title={An introduction to variational autoencoders},
  author={Kingma, Diederik P and Welling, Max and others},
  journal={Foundations and Trends{\textregistered} in Machine Learning},
  volume={12},
  number={4},
  pages={307--392},
  year={2019},
  publisher={Now Publishers, Inc.}
}

@article{kullback1951information,
  title={On information and sufficiency},
  author={Kullback, Solomon and Leibler, Richard A},
  journal={The annals of mathematical statistics},
  volume={22},
  number={1},
  pages={79--86},
  year={1951},
  publisher={JSTOR}
}

@article{hermans2017defense,
  title={In defense of the triplet loss for person re-identification},
  author={Hermans, Alexander and Beyer, Lucas and Leibe, Bastian},
  journal={arXiv preprint arXiv:1703.07737},
  year={2017}
}

@article{weinberger2009distance,
  title={Distance metric learning for large margin nearest neighbor classification.},
  author={Weinberger, Kilian Q and Saul, Lawrence K},
  journal={Journal of machine learning research},
  volume={10},
  number={2},
  year={2009}
}

@article{hosna2022transfer,
  title={Transfer learning: a friendly introduction},
  author={Hosna, Asmaul and Merry, Ethel and Gyalmo, Jigmey and Alom, Zulfikar and Aung, Zeyar and Azim, Mohammad Abdul},
  journal={Journal of Big Data},
  volume={9},
  number={1},
  pages={102},
  year={2022},
  publisher={Springer}
}

@article{duan2012learning,
  title={Learning with augmented features for heterogeneous domain adaptation},
  author={Duan, Lixin and Xu, Dong and Tsang, Ivor},
  journal={arXiv preprint arXiv:1206.4660},
  year={2012}
}

@inproceedings{kulis2011you,
  title={What you saw is not what you get: Domain adaptation using asymmetric kernel transforms},
  author={Kulis, Brian and Saenko, Kate and Darrell, Trevor},
  booktitle={CVPR 2011},
  pages={1785--1792},
  year={2011},
  organization={IEEE}
}

@inproceedings{zhu2011heterogeneous,
  title={Heterogeneous transfer learning for image classification},
  author={Zhu, Yin and Chen, Yuqiang and Lu, Zhongqi and Pan, Sinno and Xue, Gui-Rong and Yu, Yong and Yang, Qiang},
  booktitle={Proceedings of the AAAI conference on artificial intelligence},
  volume={25},
  number={1},
  pages={1304--1309},
  year={2011}
}

@inproceedings{pan2011transfer,
  title={Transfer learning to predict missing ratings via heterogeneous user feedbacks},
  author={Pan, Weike and Liu, Nathan N and Xiang, Evan W and Yang, Qiang},
  booktitle={Proceedings of the Twenty-Second International Joint Conference on Artificial Intelligence, Barcelona, Catalonia, Spain},
  pages={2318},
  year={2011}
}

@inproceedings{liu2019exploring,
  title={Exploring transfer learning to reduce training overhead of hpc data in machine learning},
  author={Liu, Tong and Alibhai, Shakeel and Wang, Jinzhen and Liu, Qing and He, Xubin and Wu, Chentao},
  booktitle={2019 IEEE International Conference on Networking, Architecture and Storage (NAS)},
  pages={1--7},
  year={2019},
  organization={IEEE}
}

@article{simonyan2014very,
  title={Very deep convolutional networks for large-scale image recognition},
  author={Simonyan, Karen and Zisserman, Andrew},
  journal={arXiv preprint arXiv:1409.1556},
  year={2014}
}

@inproceedings{szegedy2015going,
  title={Going deeper with convolutions},
  author={Szegedy, Christian and Liu, Wei and Jia, Yangqing and Sermanet, Pierre and Reed, Scott and Anguelov, Dragomir and Erhan, Dumitru and Vanhoucke, Vincent and Rabinovich, Andrew},
  booktitle={Proceedings of the IEEE conference on computer vision and pattern recognition},
  pages={1--9},
  year={2015}
}

@inproceedings{he2016deep,
  title={Deep residual learning for image recognition},
  author={He, Kaiming and Zhang, Xiangyu and Ren, Shaoqing and Sun, Jian},
  booktitle={Proceedings of the IEEE conference on computer vision and pattern recognition},
  pages={770--778},
  year={2016}
}

@article{weiss2016survey,
  title={A survey of transfer learning},
  author={Weiss, Karl and Khoshgoftaar, Taghi M and Wang, DingDing},
  journal={Journal of Big data},
  volume={3},
  number={1},
  pages={1--40},
  year={2016},
  publisher={SpringerOpen}
}

@article{pan2009survey,
  title={A survey on transfer learning},
  author={Pan, Sinno Jialin and Yang, Qiang},
  journal={IEEE Transactions on knowledge and data engineering},
  volume={22},
  number={10},
  pages={1345--1359},
  year={2009},
  publisher={IEEE}
}

@misc{ConvNet,
  title = {Convolutional Neural Networks, Explained},
  howpublished = {\url{https://towardsdatascience.com/convolutional-neural-networks-explained-9cc5188c4939}},
}
@misc{dbscanWiki,
  title = {DBSCAN Wikipedia},
  howpublished = {\url{https://en.wikipedia.org/wiki/DBSCAN}},
}
@misc{dendogram,
  title = {Hierarchical Clustering},
  howpublished = {\url{https://harshsharma1091996.medium.com/hierarchical-clustering-996745fe656b}},
}
@misc{autoencoder,
  title = {Autoencoder},
  howpublished = {\url{https://en.wikipedia.org/wiki/Autoencoder}},
}

@misc{vae,
  title = {Intuitively Understanding Variational Autoencoders},
  howpublished = {\url{https://towardsdatascience.com/intuitively-understanding-variational-autoencoders-1bfe67eb5daf}},
}

@misc{vae_image,
  title = {Understanding Variational Autoencoders(VAEs)},
  howpublished = {\url{https://towardsdatascience.com/understanding-variational-autoencoders-vaes-f70510919f73}},
}

@misc{siamese_network,
  title = {A Comprehensive Guide to Siamese Neural Networks},
  howpublished = {\url{https://medium.com/@rinkinag24/a-comprehensive-guide-to-siamese-neural-networks-3358658c0513}},
}

@misc{triplet_loss,
  title = {Triplet Loss and Siamese Neural Networks},
  howpublished = {\url{https://medium.com/@enoshshr/triplet-loss-and-siamese-neural-networks-5d363fdeba9b}},
}

@misc{transfer_learning,
  title = {What Is Transfer Learning? Exploring the Popular Deep Learning Approach.},
  howpublished = {\url{https://builtin.com/data-science/transfer-learning}},
}

